@article{broglie1924xxxv,
title={XXXV. A tentative theory of light quanta},
author={Broglie, Louis de},
journal={Philosophical Magazine Series 6},
volume={47},
number={278},
pages={446--458},
year={1924},
publisher={Taylor \& Francis}
}